<?xml version="1.0" encoding="utf-8"?>
<record xmlns="http://www.loc.gov/MARC21/slim" xmlns:xsi="http://www.w3.org/2001/XMLSchema-instance" xsi:schemaLocation="http://www.loc.gov/MARC21/slim http://www.loc.gov/standards/marcxml/schema/MARC21slim.xsd">
	<leader>     nam a22     Mi 4500</leader>
	<controlfield tag="001">6309</controlfield>
	<controlfield tag="003">aeadna</controlfield>
	<controlfield tag="006">m        d        </controlfield>
	<controlfield tag="007">cr cn |||m|||a</controlfield>
	<controlfield tag="008">220311s1922    ua     fo00  a00 d0|    u</controlfield>
	<datafield ind1=" " ind2=" " tag="040">
		<subfield code="a">ZYU</subfield>
		<subfield code="b">ara</subfield>
		<subfield code="c">ZYU</subfield>
	</datafield>
	<datafield ind1="0" ind2=" " tag="041">
		<subfield code="a">ara</subfield>
	</datafield>
	<datafield ind1=" " ind2="4" tag="050">
		<subfield code="a">PJ6620</subfield>
		<subfield code="b">.Z35 1922</subfield>
	</datafield>
	<datafield ind1=" " ind2=" " tag="066">
		<subfield code="c">(3</subfield>
	</datafield>
	<datafield ind1="1" ind2="0" tag="082">
		<subfield code="a">414.03</subfield>
		<subfield code="b">21</subfield>
	</datafield>
	<datafield ind1="1" ind2=" " tag="100">
		<subfield code="a">الزمخشري، محمود بن عمر،</subfield>
		<subfield code="d">1075-1144.</subfield>
	</datafield>
	<datafield ind1="1" ind2="0" tag="245">
		<subfield code="a">أساس البلاغة</subfield>
		<subfield code="h">[electronic resource] /</subfield>
		<subfield code="c">تأليف جار الله أبي القاسم محمود بن عمر الزمخشري</subfield>
	</datafield>
	<datafield ind1=" " ind2=" " tag="260">
		<subfield code="a">القاهرة :</subfield>
		<subfield code="b">دار الكتب المصرية،</subfield>
		<subfield code="c">1922 م.</subfield>
	</datafield>
	<datafield ind1=" " ind2=" " tag="300">
		<subfield code="a">online resource (2 ج.؛)</subfield>
	</datafield>
	<datafield ind1=" " ind2=" " tag="500">
		<subfield code="a">نبذة من سيرة المؤلف : من أئمة العلم بالدين والتفسير واللغة والآداب. ولد في َزَمْخَشر يوم الأربعاء السابع والعشرين من شهر رجب سنة 467 هـ / 1074 م في تركمانستان ،وسافر إلى مكة فجاور بها زمنا فلقب بجار الله، وتوفي ليلة عرفة سنة 538 هـ / 1143 م في جرجانية خوارزم، بعد رجوعه من مكة. يقول السمعاني في ترجمته: برع في الآداب، وصنف التصانيف، َوَرَد العراق وخراسان، ما دخل بلدًا إلا واجتمعوا عليه، وتتلمذوا له، وكان علامة نسابة&quot;</subfield>
	</datafield>
	<datafield ind1=" " ind2=" " tag="500">
		<subfield code="a">حالة الكتاب المادية: مجّلد. في حالة جيدة.</subfield>
	</datafield>
	<datafield ind1=" " ind2=" " tag="500">
		<subfield code="a">آخر صفحة من المجلد الأول: &quot;تم الجزء الأول ويليه الجزء الّثاني، وأّوله باب الّصد المهملة&quot;</subfield>
	</datafield>
	<datafield ind1=" " ind2=" " tag="500">
		<subfield code="a">Part of the Arabic Collections Online (ACO) project, contributed by United Arab Emirates National Archives.</subfield>
	</datafield>
	<datafield ind1=" " ind2=" " tag="520">
		<subfield code="a">يعد الكتاب من أهم المعاجم اللغوية القديمة التي تهتم بالألفاظ العربية وبلاغتها؛ فقد ذكر فيه المصنف المجازات اللغوية والمزايا الأدبية وتعبيرات البلغاء، وقد رتب مواد الكتاب ترتيًبا ألفبائًيا على حسب حروف المعجم.  وتتمثل طريقة عرض المؤلف للكتاب في أنه يشرح الكلمة في العربية، ُمطعًما الشرَح بالقرآن والأحاديث النبوية، وبالأشعار والأمثال العربية، ثم يذكر الاستعمالات المجازية للكلمة المشروحة.من بين مميزات أساس البلاغة أنه معجم سياقي وأنه معني بالتفرقة بين الاستعمالات الحقيقية والاستعمالات المجازية للكلمات التي تدعم مهارة المتعلم والمتكلم حتى ليبعد عن صحيح اللغة أو يهجرها ليؤكد هويته العربية ويعيد حبه للغته .</subfield>
	</datafield>
	<datafield ind1=" " ind2=" " tag="520">
		<subfield code="a"/>
	</datafield>
	<datafield ind1=" " ind2=" " tag="533">
		<subfield code="a">Electronic reproduction.</subfield>
		<subfield code="b">New York, N.Y. :</subfield>
		<subfield code="c">New York University,</subfield>
		<subfield code="d">2022.</subfield>
		<subfield code="5">NNU</subfield>
	</datafield>
	<datafield ind1=" " ind2=" " tag="541">
		<subfield code="a">هدية سمو الشيخ فالح بن ناصر آل ثاني إلى مكتبة مركز الوثائق والدراسات أبو ظبي</subfield>
	</datafield>
	<datafield ind1=" " ind2="4" tag="650">
		<subfield code="a">البلاغة العربية</subfield>
		<subfield code="v">معاجم.</subfield>
	</datafield>
	<datafield ind1=" " ind2="4" tag="650">
		<subfield code="a">اللغة العربية</subfield>
		<subfield code="v">معاجم.</subfield>
	</datafield>
	<datafield ind1="2" ind2=" " tag="710">
		<subfield code="a">Abu Dhabi (United Arab Emirates).</subfield>
		<subfield code="b">National Archives.</subfield>
	</datafield>
	<datafield ind1="0" ind2=" " tag="730">
		<subfield code="a">Arabic Collections Online.</subfield>
	</datafield>
	<datafield ind1="0" ind2="8" tag="776">
		<subfield code="i">Print version:</subfield>
		<subfield code="a">الزمخشري، محمود بن عمر، 1075-1144.</subfield>
		<subfield code="t">أساس البلاغة</subfield>
		<subfield code="w">(aeadna)6309</subfield>
	</datafield>
	<datafield ind1="4" ind2="0" tag="856">
		<subfield code="u">http://hdl.handle.net/2333.1/79cnphbk</subfield>
	</datafield>
	<datafield ind1=" " ind2=" " tag="949">
		<subfield code="a">414.03 ز ك أ س</subfield>
		<subfield code="v">2</subfield>
		<subfield code="w">DDC</subfield>
		<subfield code="i">30018000012199</subfield>
		<subfield code="u">06/23/2003</subfield>
		<subfield code="d">04/26/2010</subfield>
		<subfield code="e">02/06/2006</subfield>
		<subfield code="n">1</subfield>
		<subfield code="t">Book</subfield>
		<subfield code="l">i</subfield>
		<subfield code="m">MAIN</subfield>
		<subfield code="j">0</subfield>
		<subfield code="x">RAR</subfield>
	</datafield>
	<datafield ind1=" " ind2=" " tag="949">
		<subfield code="a">414.03 ز ك أ س</subfield>
		<subfield code="v">1</subfield>
		<subfield code="w">DDC</subfield>
		<subfield code="i">30018000012198</subfield>
		<subfield code="u">06/23/2003</subfield>
		<subfield code="d">04/26/2010</subfield>
		<subfield code="e">02/06/2006</subfield>
		<subfield code="n">1</subfield>
		<subfield code="t">Book</subfield>
		<subfield code="l">i</subfield>
		<subfield code="m">MAIN</subfield>
		<subfield code="j">0</subfield>
		<subfield code="x">RAR</subfield>
	</datafield>
	<datafield ind1=" " ind2=" " tag="959">
		<subfield code="a">NNU</subfield>
		<subfield code="b">WEB</subfield>
		<subfield code="c">GENI</subfield>
		<subfield code="t">0</subfield>
		<subfield code="m">Electronic access</subfield>
		<subfield code="s">01</subfield>
	</datafield>
	<datafield ind1=" " ind2=" " tag="999">
		<subfield code="i">aeadna_6309</subfield>
		<subfield code="s">uaena_aco000078:2</subfield>
		<subfield code="s">uaena_aco000092:1</subfield>
		<subfield code="e">(ERROR-880)</subfield>
	</datafield>
</record>
